@online{naturskyddsföreningen,
    author = {naturskyddsförningen},
    title = {Hur fungerar kärnkraft?},
    date = {12 mar, 2021},
    url = {https://www.naturskyddsforeningen.se/faktablad/hur-fungerar-karnkraft/},
}

@online{vattenfall,
    author = {vattenfall},
    title = {Kärnkraft},
    date = {2022},
    url = {https://group.vattenfall.com/se/var-verksamhet/vara-energislag/karnkraft},
}
@online{Zaporizjzija,
    author = {Annika Digreús},
    title = {Europas största kärnkraftverk kan vara hotat},
    date = {27 februari 2022},
    url = {https://sverigesradio.se/artikel/europas-storsta-karnkraftverk-kan-vara-hotat},
}